@book{harris2021digital,
  title={Digital Design and Computer Architecture, RISC-V Edition},
  author={Harris, S.L. and Harris, D.},
  isbn={9780128200643},
  year={2021},
  publisher={Elsevier Science}
}

@book{patterson2020computer,
  title={Computer Organization and Design RISC-V Edition: The Hardware Software Interface},
  author={Patterson, D.A. and Hennessy, J.L.},
  isbn={9780128203316},
  series={The Morgan Kaufmann Series in Computer Architecture and Design},
  year={2020},
  publisher={Elsevier Science}
}
